%YAML 1.1
%TAG !u! tag:unity3d.com,2011:
--- !u!1 &8756671972477603367
GameObject:
  m_ObjectHideFlags: 0
  m_CorrespondingSourceObject: {fileID: 0}
  m_PrefabInstance: {fileID: 0}
  m_PrefabAsset: {fileID: 0}
  serializedVersion: 6
  m_Component:
  - component: {fileID: 8756671972477603364}
  - component: {fileID: 8756671972477603365}
  - component: {fileID: 8756671972477603370}
  m_Layer: 0
  m_Name: Saw
  m_TagString: Obstacle
  m_Icon: {fileID: 0}
  m_NavMeshLayer: 0
  m_StaticEditorFlags: 0
  m_IsActive: 1
--- !u!4 &8756671972477603364
Transform:
  m_ObjectHideFlags: 0
  m_CorrespondingSourceObject: {fileID: 0}
  m_PrefabInstance: {fileID: 0}
  m_PrefabAsset: {fileID: 0}
  m_GameObject: {fileID: 8756671972477603367}
  m_LocalRotation: {x: 0, y: 0, z: 0, w: 1}
  m_LocalPosition: {x: 1.39, y: 4.41, z: 440.2}
  m_LocalScale: {x: 1, y: 1, z: 1}
  m_Children:
  - {fileID: 9083562256015797057}
  - {fileID: 8757859723732362337}
  - {fileID: 8757859725297866977}
  - {fileID: 8757859724428445734}
  - {fileID: 8757859724542603753}
  - {fileID: 8757859725149345274}
  - {fileID: 8757859725781820072}
  - {fileID: 8757859724724330997}
  m_Father: {fileID: 0}
  m_RootOrder: 0
  m_LocalEulerAnglesHint: {x: 0, y: 0, z: 0}
--- !u!54 &8756671972477603365
Rigidbody:
  m_ObjectHideFlags: 0
  m_CorrespondingSourceObject: {fileID: 0}
  m_PrefabInstance: {fileID: 0}
  m_PrefabAsset: {fileID: 0}
  m_GameObject: {fileID: 8756671972477603367}
  serializedVersion: 2
  m_Mass: 1
  m_Drag: 0
  m_AngularDrag: 0.05
  m_UseGravity: 0
  m_IsKinematic: 0
  m_Interpolate: 0
  m_Constraints: 0
  m_CollisionDetection: 0
--- !u!65 &8756671972477603370
BoxCollider:
  m_ObjectHideFlags: 0
  m_CorrespondingSourceObject: {fileID: 0}
  m_PrefabInstance: {fileID: 0}
  m_PrefabAsset: {fileID: 0}
  m_GameObject: {fileID: 8756671972477603367}
  m_Material: {fileID: 0}
  m_IsTrigger: 0
  m_Enabled: 1
  serializedVersion: 2
  m_Size: {x: 15.46697, y: 10.222103, z: 0.31472778}
  m_Center: {x: 0.9995012, y: 3.8368797, z: -1.6017303}
--- !u!1001 &8756671972088660963
PrefabInstance:
  m_ObjectHideFlags: 0
  serializedVersion: 2
  m_Modification:
    m_TransformParent: {fileID: 8756671972477603364}
    m_Modifications:
    - target: {fileID: 1750940742320366, guid: ec1383a81f8b26e41bd5795fba065567, type: 3}
      propertyPath: m_Name
      value: Sparks Explosion (6)
      objectReference: {fileID: 0}
    - target: {fileID: 4461574346646038, guid: ec1383a81f8b26e41bd5795fba065567, type: 3}
      propertyPath: m_RootOrder
      value: 7
      objectReference: {fileID: 0}
    - target: {fileID: 4461574346646038, guid: ec1383a81f8b26e41bd5795fba065567, type: 3}
      propertyPath: m_LocalScale.x
      value: 4
      objectReference: {fileID: 0}
    - target: {fileID: 4461574346646038, guid: ec1383a81f8b26e41bd5795fba065567, type: 3}
      propertyPath: m_LocalScale.y
      value: 5
      objectReference: {fileID: 0}
    - target: {fileID: 4461574346646038, guid: ec1383a81f8b26e41bd5795fba065567, type: 3}
      propertyPath: m_LocalScale.z
      value: 3
      objectReference: {fileID: 0}
    - target: {fileID: 4461574346646038, guid: ec1383a81f8b26e41bd5795fba065567, type: 3}
      propertyPath: m_LocalPosition.x
      value: 2.7
      objectReference: {fileID: 0}
    - target: {fileID: 4461574346646038, guid: ec1383a81f8b26e41bd5795fba065567, type: 3}
      propertyPath: m_LocalPosition.y
      value: -4.9857364
      objectReference: {fileID: 0}
    - target: {fileID: 4461574346646038, guid: ec1383a81f8b26e41bd5795fba065567, type: 3}
      propertyPath: m_LocalPosition.z
      value: -1.9220276
      objectReference: {fileID: 0}
    - target: {fileID: 4461574346646038, guid: ec1383a81f8b26e41bd5795fba065567, type: 3}
      propertyPath: m_LocalRotation.w
      value: 1
      objectReference: {fileID: 0}
    - target: {fileID: 4461574346646038, guid: ec1383a81f8b26e41bd5795fba065567, type: 3}
      propertyPath: m_LocalRotation.x
      value: -0
      objectReference: {fileID: 0}
    - target: {fileID: 4461574346646038, guid: ec1383a81f8b26e41bd5795fba065567, type: 3}
      propertyPath: m_LocalRotation.y
      value: -0
      objectReference: {fileID: 0}
    - target: {fileID: 4461574346646038, guid: ec1383a81f8b26e41bd5795fba065567, type: 3}
      propertyPath: m_LocalRotation.z
      value: -0
      objectReference: {fileID: 0}
    - target: {fileID: 4461574346646038, guid: ec1383a81f8b26e41bd5795fba065567, type: 3}
      propertyPath: m_LocalEulerAnglesHint.x
      value: 0
      objectReference: {fileID: 0}
    - target: {fileID: 4461574346646038, guid: ec1383a81f8b26e41bd5795fba065567, type: 3}
      propertyPath: m_LocalEulerAnglesHint.y
      value: 0
      objectReference: {fileID: 0}
    - target: {fileID: 4461574346646038, guid: ec1383a81f8b26e41bd5795fba065567, type: 3}
      propertyPath: m_LocalEulerAnglesHint.z
      value: 0
      objectReference: {fileID: 0}
    - target: {fileID: 198602994958770764, guid: ec1383a81f8b26e41bd5795fba065567, type: 3}
      propertyPath: looping
      value: 1
      objectReference: {fileID: 0}
    - target: {fileID: 199398115559063984, guid: ec1383a81f8b26e41bd5795fba065567, type: 3}
      propertyPath: m_Materials.Array.size
      value: 1
      objectReference: {fileID: 0}
    - target: {fileID: 199600948077274898, guid: ec1383a81f8b26e41bd5795fba065567, type: 3}
      propertyPath: m_Materials.Array.size
      value: 1
      objectReference: {fileID: 0}
    m_RemovedComponents: []
  m_SourcePrefab: {fileID: 100100000, guid: ec1383a81f8b26e41bd5795fba065567, type: 3}
--- !u!4 &8757859724724330997 stripped
Transform:
  m_CorrespondingSourceObject: {fileID: 4461574346646038, guid: ec1383a81f8b26e41bd5795fba065567, type: 3}
  m_PrefabInstance: {fileID: 8756671972088660963}
  m_PrefabAsset: {fileID: 0}
--- !u!1001 &8756671972107998207
PrefabInstance:
  m_ObjectHideFlags: 0
  serializedVersion: 2
  m_Modification:
    m_TransformParent: {fileID: 8756671972477603364}
    m_Modifications:
    - target: {fileID: 1750940742320366, guid: ec1383a81f8b26e41bd5795fba065567, type: 3}
      propertyPath: m_Name
      value: Sparks Explosion (3)
      objectReference: {fileID: 0}
    - target: {fileID: 4461574346646038, guid: ec1383a81f8b26e41bd5795fba065567, type: 3}
      propertyPath: m_RootOrder
      value: 4
      objectReference: {fileID: 0}
    - target: {fileID: 4461574346646038, guid: ec1383a81f8b26e41bd5795fba065567, type: 3}
      propertyPath: m_LocalScale.x
      value: 2
      objectReference: {fileID: 0}
    - target: {fileID: 4461574346646038, guid: ec1383a81f8b26e41bd5795fba065567, type: 3}
      propertyPath: m_LocalScale.y
      value: 3
      objectReference: {fileID: 0}
    - target: {fileID: 4461574346646038, guid: ec1383a81f8b26e41bd5795fba065567, type: 3}
      propertyPath: m_LocalScale.z
      value: 3
      objectReference: {fileID: 0}
    - target: {fileID: 4461574346646038, guid: ec1383a81f8b26e41bd5795fba065567, type: 3}
      propertyPath: m_LocalPosition.x
      value: -1.51
      objectReference: {fileID: 0}
    - target: {fileID: 4461574346646038, guid: ec1383a81f8b26e41bd5795fba065567, type: 3}
      propertyPath: m_LocalPosition.y
      value: -4.9857364
      objectReference: {fileID: 0}
    - target: {fileID: 4461574346646038, guid: ec1383a81f8b26e41bd5795fba065567, type: 3}
      propertyPath: m_LocalPosition.z
      value: -1.9220276
      objectReference: {fileID: 0}
    - target: {fileID: 4461574346646038, guid: ec1383a81f8b26e41bd5795fba065567, type: 3}
      propertyPath: m_LocalRotation.w
      value: 1
      objectReference: {fileID: 0}
    - target: {fileID: 4461574346646038, guid: ec1383a81f8b26e41bd5795fba065567, type: 3}
      propertyPath: m_LocalRotation.x
      value: -0
      objectReference: {fileID: 0}
    - target: {fileID: 4461574346646038, guid: ec1383a81f8b26e41bd5795fba065567, type: 3}
      propertyPath: m_LocalRotation.y
      value: -0
      objectReference: {fileID: 0}
    - target: {fileID: 4461574346646038, guid: ec1383a81f8b26e41bd5795fba065567, type: 3}
      propertyPath: m_LocalRotation.z
      value: -0
      objectReference: {fileID: 0}
    - target: {fileID: 4461574346646038, guid: ec1383a81f8b26e41bd5795fba065567, type: 3}
      propertyPath: m_LocalEulerAnglesHint.x
      value: 0
      objectReference: {fileID: 0}
    - target: {fileID: 4461574346646038, guid: ec1383a81f8b26e41bd5795fba065567, type: 3}
      propertyPath: m_LocalEulerAnglesHint.y
      value: 0
      objectReference: {fileID: 0}
    - target: {fileID: 4461574346646038, guid: ec1383a81f8b26e41bd5795fba065567, type: 3}
      propertyPath: m_LocalEulerAnglesHint.z
      value: 0
      objectReference: {fileID: 0}
    - target: {fileID: 198602994958770764, guid: ec1383a81f8b26e41bd5795fba065567, type: 3}
      propertyPath: looping
      value: 1
      objectReference: {fileID: 0}
    - target: {fileID: 199398115559063984, guid: ec1383a81f8b26e41bd5795fba065567, type: 3}
      propertyPath: m_Materials.Array.size
      value: 1
      objectReference: {fileID: 0}
    - target: {fileID: 199600948077274898, guid: ec1383a81f8b26e41bd5795fba065567, type: 3}
      propertyPath: m_Materials.Array.size
      value: 1
      objectReference: {fileID: 0}
    m_RemovedComponents: []
  m_SourcePrefab: {fileID: 100100000, guid: ec1383a81f8b26e41bd5795fba065567, type: 3}
--- !u!4 &8757859724542603753 stripped
Transform:
  m_CorrespondingSourceObject: {fileID: 4461574346646038, guid: ec1383a81f8b26e41bd5795fba065567, type: 3}
  m_PrefabInstance: {fileID: 8756671972107998207}
  m_PrefabAsset: {fileID: 0}
--- !u!1001 &8756671972262292016
PrefabInstance:
  m_ObjectHideFlags: 0
  serializedVersion: 2
  m_Modification:
    m_TransformParent: {fileID: 8756671972477603364}
    m_Modifications:
    - target: {fileID: 1750940742320366, guid: ec1383a81f8b26e41bd5795fba065567, type: 3}
      propertyPath: m_Name
      value: Sparks Explosion (2)
      objectReference: {fileID: 0}
    - target: {fileID: 4461574346646038, guid: ec1383a81f8b26e41bd5795fba065567, type: 3}
      propertyPath: m_RootOrder
      value: 3
      objectReference: {fileID: 0}
    - target: {fileID: 4461574346646038, guid: ec1383a81f8b26e41bd5795fba065567, type: 3}
      propertyPath: m_LocalScale.x
      value: 4
      objectReference: {fileID: 0}
    - target: {fileID: 4461574346646038, guid: ec1383a81f8b26e41bd5795fba065567, type: 3}
      propertyPath: m_LocalScale.y
      value: 4
      objectReference: {fileID: 0}
    - target: {fileID: 4461574346646038, guid: ec1383a81f8b26e41bd5795fba065567, type: 3}
      propertyPath: m_LocalScale.z
      value: 4
      objectReference: {fileID: 0}
    - target: {fileID: 4461574346646038, guid: ec1383a81f8b26e41bd5795fba065567, type: 3}
      propertyPath: m_LocalPosition.x
      value: 1.4
      objectReference: {fileID: 0}
    - target: {fileID: 4461574346646038, guid: ec1383a81f8b26e41bd5795fba065567, type: 3}
      propertyPath: m_LocalPosition.y
      value: -4.9857364
      objectReference: {fileID: 0}
    - target: {fileID: 4461574346646038, guid: ec1383a81f8b26e41bd5795fba065567, type: 3}
      propertyPath: m_LocalPosition.z
      value: -1.9220276
      objectReference: {fileID: 0}
    - target: {fileID: 4461574346646038, guid: ec1383a81f8b26e41bd5795fba065567, type: 3}
      propertyPath: m_LocalRotation.w
      value: 1
      objectReference: {fileID: 0}
    - target: {fileID: 4461574346646038, guid: ec1383a81f8b26e41bd5795fba065567, type: 3}
      propertyPath: m_LocalRotation.x
      value: -0
      objectReference: {fileID: 0}
    - target: {fileID: 4461574346646038, guid: ec1383a81f8b26e41bd5795fba065567, type: 3}
      propertyPath: m_LocalRotation.y
      value: -0
      objectReference: {fileID: 0}
    - target: {fileID: 4461574346646038, guid: ec1383a81f8b26e41bd5795fba065567, type: 3}
      propertyPath: m_LocalRotation.z
      value: -0
      objectReference: {fileID: 0}
    - target: {fileID: 4461574346646038, guid: ec1383a81f8b26e41bd5795fba065567, type: 3}
      propertyPath: m_LocalEulerAnglesHint.x
      value: 0
      objectReference: {fileID: 0}
    - target: {fileID: 4461574346646038, guid: ec1383a81f8b26e41bd5795fba065567, type: 3}
      propertyPath: m_LocalEulerAnglesHint.y
      value: 0
      objectReference: {fileID: 0}
    - target: {fileID: 4461574346646038, guid: ec1383a81f8b26e41bd5795fba065567, type: 3}
      propertyPath: m_LocalEulerAnglesHint.z
      value: 0
      objectReference: {fileID: 0}
    - target: {fileID: 198602994958770764, guid: ec1383a81f8b26e41bd5795fba065567, type: 3}
      propertyPath: looping
      value: 1
      objectReference: {fileID: 0}
    - target: {fileID: 199398115559063984, guid: ec1383a81f8b26e41bd5795fba065567, type: 3}
      propertyPath: m_Materials.Array.size
      value: 1
      objectReference: {fileID: 0}
    - target: {fileID: 199600948077274898, guid: ec1383a81f8b26e41bd5795fba065567, type: 3}
      propertyPath: m_Materials.Array.size
      value: 1
      objectReference: {fileID: 0}
    m_RemovedComponents: []
  m_SourcePrefab: {fileID: 100100000, guid: ec1383a81f8b26e41bd5795fba065567, type: 3}
--- !u!4 &8757859724428445734 stripped
Transform:
  m_CorrespondingSourceObject: {fileID: 4461574346646038, guid: ec1383a81f8b26e41bd5795fba065567, type: 3}
  m_PrefabInstance: {fileID: 8756671972262292016}
  m_PrefabAsset: {fileID: 0}
--- !u!1001 &8756671972975740535
PrefabInstance:
  m_ObjectHideFlags: 0
  serializedVersion: 2
  m_Modification:
    m_TransformParent: {fileID: 8756671972477603364}
    m_Modifications:
    - target: {fileID: 1750940742320366, guid: ec1383a81f8b26e41bd5795fba065567, type: 3}
      propertyPath: m_Name
      value: Sparks Explosion
      objectReference: {fileID: 0}
    - target: {fileID: 4461574346646038, guid: ec1383a81f8b26e41bd5795fba065567, type: 3}
      propertyPath: m_RootOrder
      value: 1
      objectReference: {fileID: 0}
    - target: {fileID: 4461574346646038, guid: ec1383a81f8b26e41bd5795fba065567, type: 3}
      propertyPath: m_LocalScale.x
      value: 5
      objectReference: {fileID: 0}
    - target: {fileID: 4461574346646038, guid: ec1383a81f8b26e41bd5795fba065567, type: 3}
      propertyPath: m_LocalScale.y
      value: 5
      objectReference: {fileID: 0}
    - target: {fileID: 4461574346646038, guid: ec1383a81f8b26e41bd5795fba065567, type: 3}
      propertyPath: m_LocalScale.z
      value: 5
      objectReference: {fileID: 0}
    - target: {fileID: 4461574346646038, guid: ec1383a81f8b26e41bd5795fba065567, type: 3}
      propertyPath: m_LocalPosition.x
      value: 4.79661
      objectReference: {fileID: 0}
    - target: {fileID: 4461574346646038, guid: ec1383a81f8b26e41bd5795fba065567, type: 3}
      propertyPath: m_LocalPosition.y
      value: -4.9857364
      objectReference: {fileID: 0}
    - target: {fileID: 4461574346646038, guid: ec1383a81f8b26e41bd5795fba065567, type: 3}
      propertyPath: m_LocalPosition.z
      value: -1.9220276
      objectReference: {fileID: 0}
    - target: {fileID: 4461574346646038, guid: ec1383a81f8b26e41bd5795fba065567, type: 3}
      propertyPath: m_LocalRotation.w
      value: 1
      objectReference: {fileID: 0}
    - target: {fileID: 4461574346646038, guid: ec1383a81f8b26e41bd5795fba065567, type: 3}
      propertyPath: m_LocalRotation.x
      value: -0
      objectReference: {fileID: 0}
    - target: {fileID: 4461574346646038, guid: ec1383a81f8b26e41bd5795fba065567, type: 3}
      propertyPath: m_LocalRotation.y
      value: -0
      objectReference: {fileID: 0}
    - target: {fileID: 4461574346646038, guid: ec1383a81f8b26e41bd5795fba065567, type: 3}
      propertyPath: m_LocalRotation.z
      value: -0
      objectReference: {fileID: 0}
    - target: {fileID: 4461574346646038, guid: ec1383a81f8b26e41bd5795fba065567, type: 3}
      propertyPath: m_LocalEulerAnglesHint.x
      value: 0
      objectReference: {fileID: 0}
    - target: {fileID: 4461574346646038, guid: ec1383a81f8b26e41bd5795fba065567, type: 3}
      propertyPath: m_LocalEulerAnglesHint.y
      value: 0
      objectReference: {fileID: 0}
    - target: {fileID: 4461574346646038, guid: ec1383a81f8b26e41bd5795fba065567, type: 3}
      propertyPath: m_LocalEulerAnglesHint.z
      value: 0
      objectReference: {fileID: 0}
    - target: {fileID: 198602994958770764, guid: ec1383a81f8b26e41bd5795fba065567, type: 3}
      propertyPath: looping
      value: 1
      objectReference: {fileID: 0}
    - target: {fileID: 199398115559063984, guid: ec1383a81f8b26e41bd5795fba065567, type: 3}
      propertyPath: m_Materials.Array.size
      value: 1
      objectReference: {fileID: 0}
    - target: {fileID: 199600948077274898, guid: ec1383a81f8b26e41bd5795fba065567, type: 3}
      propertyPath: m_Materials.Array.size
      value: 1
      objectReference: {fileID: 0}
    m_RemovedComponents: []
  m_SourcePrefab: {fileID: 100100000, guid: ec1383a81f8b26e41bd5795fba065567, type: 3}
--- !u!4 &8757859723732362337 stripped
Transform:
  m_CorrespondingSourceObject: {fileID: 4461574346646038, guid: ec1383a81f8b26e41bd5795fba065567, type: 3}
  m_PrefabInstance: {fileID: 8756671972975740535}
  m_PrefabAsset: {fileID: 0}
--- !u!1001 &8756671973079040190
PrefabInstance:
  m_ObjectHideFlags: 0
  serializedVersion: 2
  m_Modification:
    m_TransformParent: {fileID: 8756671972477603364}
    m_Modifications:
    - target: {fileID: 1750940742320366, guid: ec1383a81f8b26e41bd5795fba065567, type: 3}
      propertyPath: m_Name
      value: Sparks Explosion (5)
      objectReference: {fileID: 0}
    - target: {fileID: 4461574346646038, guid: ec1383a81f8b26e41bd5795fba065567, type: 3}
      propertyPath: m_RootOrder
      value: 6
      objectReference: {fileID: 0}
    - target: {fileID: 4461574346646038, guid: ec1383a81f8b26e41bd5795fba065567, type: 3}
      propertyPath: m_LocalScale.x
      value: 2
      objectReference: {fileID: 0}
    - target: {fileID: 4461574346646038, guid: ec1383a81f8b26e41bd5795fba065567, type: 3}
      propertyPath: m_LocalScale.y
      value: 3
      objectReference: {fileID: 0}
    - target: {fileID: 4461574346646038, guid: ec1383a81f8b26e41bd5795fba065567, type: 3}
      propertyPath: m_LocalScale.z
      value: 3
      objectReference: {fileID: 0}
    - target: {fileID: 4461574346646038, guid: ec1383a81f8b26e41bd5795fba065567, type: 3}
      propertyPath: m_LocalPosition.x
      value: -5.48
      objectReference: {fileID: 0}
    - target: {fileID: 4461574346646038, guid: ec1383a81f8b26e41bd5795fba065567, type: 3}
      propertyPath: m_LocalPosition.y
      value: -4.9857364
      objectReference: {fileID: 0}
    - target: {fileID: 4461574346646038, guid: ec1383a81f8b26e41bd5795fba065567, type: 3}
      propertyPath: m_LocalPosition.z
      value: -1.9220276
      objectReference: {fileID: 0}
    - target: {fileID: 4461574346646038, guid: ec1383a81f8b26e41bd5795fba065567, type: 3}
      propertyPath: m_LocalRotation.w
      value: 1
      objectReference: {fileID: 0}
    - target: {fileID: 4461574346646038, guid: ec1383a81f8b26e41bd5795fba065567, type: 3}
      propertyPath: m_LocalRotation.x
      value: -0
      objectReference: {fileID: 0}
    - target: {fileID: 4461574346646038, guid: ec1383a81f8b26e41bd5795fba065567, type: 3}
      propertyPath: m_LocalRotation.y
      value: -0
      objectReference: {fileID: 0}
    - target: {fileID: 4461574346646038, guid: ec1383a81f8b26e41bd5795fba065567, type: 3}
      propertyPath: m_LocalRotation.z
      value: -0
      objectReference: {fileID: 0}
    - target: {fileID: 4461574346646038, guid: ec1383a81f8b26e41bd5795fba065567, type: 3}
      propertyPath: m_LocalEulerAnglesHint.x
      value: 0
      objectReference: {fileID: 0}
    - target: {fileID: 4461574346646038, guid: ec1383a81f8b26e41bd5795fba065567, type: 3}
      propertyPath: m_LocalEulerAnglesHint.y
      value: 0
      objectReference: {fileID: 0}
    - target: {fileID: 4461574346646038, guid: ec1383a81f8b26e41bd5795fba065567, type: 3}
      propertyPath: m_LocalEulerAnglesHint.z
      value: 0
      objectReference: {fileID: 0}
    - target: {fileID: 198602994958770764, guid: ec1383a81f8b26e41bd5795fba065567, type: 3}
      propertyPath: looping
      value: 1
      objectReference: {fileID: 0}
    - target: {fileID: 199398115559063984, guid: ec1383a81f8b26e41bd5795fba065567, type: 3}
      propertyPath: m_Materials.Array.size
      value: 1
      objectReference: {fileID: 0}
    - target: {fileID: 199600948077274898, guid: ec1383a81f8b26e41bd5795fba065567, type: 3}
      propertyPath: m_Materials.Array.size
      value: 1
      objectReference: {fileID: 0}
    m_RemovedComponents: []
  m_SourcePrefab: {fileID: 100100000, guid: ec1383a81f8b26e41bd5795fba065567, type: 3}
--- !u!4 &8757859725781820072 stripped
Transform:
  m_CorrespondingSourceObject: {fileID: 4461574346646038, guid: ec1383a81f8b26e41bd5795fba065567, type: 3}
  m_PrefabInstance: {fileID: 8756671973079040190}
  m_PrefabAsset: {fileID: 0}
--- !u!1001 &8756671973084023978
PrefabInstance:
  m_ObjectHideFlags: 0
  serializedVersion: 2
  m_Modification:
    m_TransformParent: {fileID: 8756671972477603364}
    m_Modifications:
    - target: {fileID: -8679921383154817045, guid: 8e6349a810920fb4aaf1a3b054e68282, type: 3}
      propertyPath: m_RootOrder
      value: 0
      objectReference: {fileID: 0}
    - target: {fileID: -8679921383154817045, guid: 8e6349a810920fb4aaf1a3b054e68282, type: 3}
      propertyPath: m_LocalScale.x
      value: 0.075
      objectReference: {fileID: 0}
    - target: {fileID: -8679921383154817045, guid: 8e6349a810920fb4aaf1a3b054e68282, type: 3}
      propertyPath: m_LocalScale.y
      value: 0.4
      objectReference: {fileID: 0}
    - target: {fileID: -8679921383154817045, guid: 8e6349a810920fb4aaf1a3b054e68282, type: 3}
      propertyPath: m_LocalScale.z
      value: 0.075
      objectReference: {fileID: 0}
    - target: {fileID: -8679921383154817045, guid: 8e6349a810920fb4aaf1a3b054e68282, type: 3}
      propertyPath: m_LocalPosition.x
      value: 1.07
      objectReference: {fileID: 0}
    - target: {fileID: -8679921383154817045, guid: 8e6349a810920fb4aaf1a3b054e68282, type: 3}
      propertyPath: m_LocalPosition.y
      value: 1.06
      objectReference: {fileID: 0}
    - target: {fileID: -8679921383154817045, guid: 8e6349a810920fb4aaf1a3b054e68282, type: 3}
      propertyPath: m_LocalPosition.z
      value: -1.5020142
      objectReference: {fileID: 0}
    - target: {fileID: -8679921383154817045, guid: 8e6349a810920fb4aaf1a3b054e68282, type: 3}
      propertyPath: m_LocalRotation.w
      value: 0
      objectReference: {fileID: 0}
    - target: {fileID: -8679921383154817045, guid: 8e6349a810920fb4aaf1a3b054e68282, type: 3}
      propertyPath: m_LocalRotation.x
      value: -0
      objectReference: {fileID: 0}
    - target: {fileID: -8679921383154817045, guid: 8e6349a810920fb4aaf1a3b054e68282, type: 3}
      propertyPath: m_LocalRotation.y
      value: -0.7071068
      objectReference: {fileID: 0}
    - target: {fileID: -8679921383154817045, guid: 8e6349a810920fb4aaf1a3b054e68282, type: 3}
      propertyPath: m_LocalRotation.z
      value: 0.7071068
      objectReference: {fileID: 0}
    - target: {fileID: -8679921383154817045, guid: 8e6349a810920fb4aaf1a3b054e68282, type: 3}
      propertyPath: m_LocalEulerAnglesHint.x
      value: 90
      objectReference: {fileID: 0}
    - target: {fileID: -8679921383154817045, guid: 8e6349a810920fb4aaf1a3b054e68282, type: 3}
      propertyPath: m_LocalEulerAnglesHint.y
      value: 0
      objectReference: {fileID: 0}
    - target: {fileID: -8679921383154817045, guid: 8e6349a810920fb4aaf1a3b054e68282, type: 3}
      propertyPath: m_LocalEulerAnglesHint.z
      value: 180
      objectReference: {fileID: 0}
    - target: {fileID: -3855335175272487014, guid: 8e6349a810920fb4aaf1a3b054e68282, type: 3}
      propertyPath: m_Materials.Array.data[0]
      value: 
      objectReference: {fileID: 2100000, guid: cc6c9e3ad8c436147876dfbbb63169f0, type: 2}
    - target: {fileID: 919132149155446097, guid: 8e6349a810920fb4aaf1a3b054e68282, type: 3}
      propertyPath: m_Name
      value: circular_saw
      objectReference: {fileID: 0}
    m_RemovedComponents: []
  m_SourcePrefab: {fileID: 100100000, guid: 8e6349a810920fb4aaf1a3b054e68282, type: 3}
--- !u!1 &8450049303107858939 stripped
GameObject:
  m_CorrespondingSourceObject: {fileID: 919132149155446097, guid: 8e6349a810920fb4aaf1a3b054e68282, type: 3}
  m_PrefabInstance: {fileID: 8756671973084023978}
  m_PrefabAsset: {fileID: 0}
--- !u!4 &9083562256015797057 stripped
Transform:
  m_CorrespondingSourceObject: {fileID: -8679921383154817045, guid: 8e6349a810920fb4aaf1a3b054e68282, type: 3}
  m_PrefabInstance: {fileID: 8756671973084023978}
  m_PrefabAsset: {fileID: 0}
--- !u!114 &8756671973103147303
MonoBehaviour:
  m_ObjectHideFlags: 0
  m_CorrespondingSourceObject: {fileID: 0}
  m_PrefabInstance: {fileID: 0}
  m_PrefabAsset: {fileID: 0}
  m_GameObject: {fileID: 8450049303107858939}
  m_Enabled: 1
  m_EditorHideFlags: 0
  m_Script: {fileID: 11500000, guid: 618beddd4db91fe4c9a58c229c3a695c, type: 3}
  m_Name: 
  m_EditorClassIdentifier: 
  speedRotate: 40
--- !u!1001 &8756671973666749175
PrefabInstance:
  m_ObjectHideFlags: 0
  serializedVersion: 2
  m_Modification:
    m_TransformParent: {fileID: 8756671972477603364}
    m_Modifications:
    - target: {fileID: 1750940742320366, guid: ec1383a81f8b26e41bd5795fba065567, type: 3}
      propertyPath: m_Name
      value: Sparks Explosion (1)
      objectReference: {fileID: 0}
    - target: {fileID: 4461574346646038, guid: ec1383a81f8b26e41bd5795fba065567, type: 3}
      propertyPath: m_RootOrder
      value: 2
      objectReference: {fileID: 0}
    - target: {fileID: 4461574346646038, guid: ec1383a81f8b26e41bd5795fba065567, type: 3}
      propertyPath: m_LocalScale.x
      value: 3
      objectReference: {fileID: 0}
    - target: {fileID: 4461574346646038, guid: ec1383a81f8b26e41bd5795fba065567, type: 3}
      propertyPath: m_LocalScale.y
      value: 3
      objectReference: {fileID: 0}
    - target: {fileID: 4461574346646038, guid: ec1383a81f8b26e41bd5795fba065567, type: 3}
      propertyPath: m_LocalScale.z
      value: 3
      objectReference: {fileID: 0}
    - target: {fileID: 4461574346646038, guid: ec1383a81f8b26e41bd5795fba065567, type: 3}
      propertyPath: m_LocalPosition.x
      value: 7.54
      objectReference: {fileID: 0}
    - target: {fileID: 4461574346646038, guid: ec1383a81f8b26e41bd5795fba065567, type: 3}
      propertyPath: m_LocalPosition.y
      value: -4.9857364
      objectReference: {fileID: 0}
    - target: {fileID: 4461574346646038, guid: ec1383a81f8b26e41bd5795fba065567, type: 3}
      propertyPath: m_LocalPosition.z
      value: -1.9220276
      objectReference: {fileID: 0}
    - target: {fileID: 4461574346646038, guid: ec1383a81f8b26e41bd5795fba065567, type: 3}
      propertyPath: m_LocalRotation.w
      value: 1
      objectReference: {fileID: 0}
    - target: {fileID: 4461574346646038, guid: ec1383a81f8b26e41bd5795fba065567, type: 3}
      propertyPath: m_LocalRotation.x
      value: -0
      objectReference: {fileID: 0}
    - target: {fileID: 4461574346646038, guid: ec1383a81f8b26e41bd5795fba065567, type: 3}
      propertyPath: m_LocalRotation.y
      value: -0
      objectReference: {fileID: 0}
    - target: {fileID: 4461574346646038, guid: ec1383a81f8b26e41bd5795fba065567, type: 3}
      propertyPath: m_LocalRotation.z
      value: -0
      objectReference: {fileID: 0}
    - target: {fileID: 4461574346646038, guid: ec1383a81f8b26e41bd5795fba065567, type: 3}
      propertyPath: m_LocalEulerAnglesHint.x
      value: 0
      objectReference: {fileID: 0}
    - target: {fileID: 4461574346646038, guid: ec1383a81f8b26e41bd5795fba065567, type: 3}
      propertyPath: m_LocalEulerAnglesHint.y
      value: 0
      objectReference: {fileID: 0}
    - target: {fileID: 4461574346646038, guid: ec1383a81f8b26e41bd5795fba065567, type: 3}
      propertyPath: m_LocalEulerAnglesHint.z
      value: 0
      objectReference: {fileID: 0}
    - target: {fileID: 198602994958770764, guid: ec1383a81f8b26e41bd5795fba065567, type: 3}
      propertyPath: looping
      value: 1
      objectReference: {fileID: 0}
    - target: {fileID: 199398115559063984, guid: ec1383a81f8b26e41bd5795fba065567, type: 3}
      propertyPath: m_Materials.Array.size
      value: 1
      objectReference: {fileID: 0}
    - target: {fileID: 199600948077274898, guid: ec1383a81f8b26e41bd5795fba065567, type: 3}
      propertyPath: m_Materials.Array.size
      value: 1
      objectReference: {fileID: 0}
    m_RemovedComponents: []
  m_SourcePrefab: {fileID: 100100000, guid: ec1383a81f8b26e41bd5795fba065567, type: 3}
--- !u!4 &8757859725297866977 stripped
Transform:
  m_CorrespondingSourceObject: {fileID: 4461574346646038, guid: ec1383a81f8b26e41bd5795fba065567, type: 3}
  m_PrefabInstance: {fileID: 8756671973666749175}
  m_PrefabAsset: {fileID: 0}
--- !u!1001 &8756671973786400748
PrefabInstance:
  m_ObjectHideFlags: 0
  serializedVersion: 2
  m_Modification:
    m_TransformParent: {fileID: 8756671972477603364}
    m_Modifications:
    - target: {fileID: 1750940742320366, guid: ec1383a81f8b26e41bd5795fba065567, type: 3}
      propertyPath: m_Name
      value: Sparks Explosion (4)
      objectReference: {fileID: 0}
    - target: {fileID: 4461574346646038, guid: ec1383a81f8b26e41bd5795fba065567, type: 3}
      propertyPath: m_RootOrder
      value: 5
      objectReference: {fileID: 0}
    - target: {fileID: 4461574346646038, guid: ec1383a81f8b26e41bd5795fba065567, type: 3}
      propertyPath: m_LocalScale.x
      value: 4
      objectReference: {fileID: 0}
    - target: {fileID: 4461574346646038, guid: ec1383a81f8b26e41bd5795fba065567, type: 3}
      propertyPath: m_LocalScale.y
      value: 4
      objectReference: {fileID: 0}
    - target: {fileID: 4461574346646038, guid: ec1383a81f8b26e41bd5795fba065567, type: 3}
      propertyPath: m_LocalScale.z
      value: 4
      objectReference: {fileID: 0}
    - target: {fileID: 4461574346646038, guid: ec1383a81f8b26e41bd5795fba065567, type: 3}
      propertyPath: m_LocalPosition.x
      value: -3.58
      objectReference: {fileID: 0}
    - target: {fileID: 4461574346646038, guid: ec1383a81f8b26e41bd5795fba065567, type: 3}
      propertyPath: m_LocalPosition.y
      value: -4.9857364
      objectReference: {fileID: 0}
    - target: {fileID: 4461574346646038, guid: ec1383a81f8b26e41bd5795fba065567, type: 3}
      propertyPath: m_LocalPosition.z
      value: -1.9220276
      objectReference: {fileID: 0}
    - target: {fileID: 4461574346646038, guid: ec1383a81f8b26e41bd5795fba065567, type: 3}
      propertyPath: m_LocalRotation.w
      value: 1
      objectReference: {fileID: 0}
    - target: {fileID: 4461574346646038, guid: ec1383a81f8b26e41bd5795fba065567, type: 3}
      propertyPath: m_LocalRotation.x
      value: -0
      objectReference: {fileID: 0}
    - target: {fileID: 4461574346646038, guid: ec1383a81f8b26e41bd5795fba065567, type: 3}
      propertyPath: m_LocalRotation.y
      value: -0
      objectReference: {fileID: 0}
    - target: {fileID: 4461574346646038, guid: ec1383a81f8b26e41bd5795fba065567, type: 3}
      propertyPath: m_LocalRotation.z
      value: -0
      objectReference: {fileID: 0}
    - target: {fileID: 4461574346646038, guid: ec1383a81f8b26e41bd5795fba065567, type: 3}
      propertyPath: m_LocalEulerAnglesHint.x
      value: 0
      objectReference: {fileID: 0}
    - target: {fileID: 4461574346646038, guid: ec1383a81f8b26e41bd5795fba065567, type: 3}
      propertyPath: m_LocalEulerAnglesHint.y
      value: 0
      objectReference: {fileID: 0}
    - target: {fileID: 4461574346646038, guid: ec1383a81f8b26e41bd5795fba065567, type: 3}
      propertyPath: m_LocalEulerAnglesHint.z
      value: 0
      objectReference: {fileID: 0}
    - target: {fileID: 198602994958770764, guid: ec1383a81f8b26e41bd5795fba065567, type: 3}
      propertyPath: looping
      value: 1
      objectReference: {fileID: 0}
    - target: {fileID: 199398115559063984, guid: ec1383a81f8b26e41bd5795fba065567, type: 3}
      propertyPath: m_Materials.Array.size
      value: 1
      objectReference: {fileID: 0}
    - target: {fileID: 199600948077274898, guid: ec1383a81f8b26e41bd5795fba065567, type: 3}
      propertyPath: m_Materials.Array.size
      value: 1
      objectReference: {fileID: 0}
    m_RemovedComponents: []
  m_SourcePrefab: {fileID: 100100000, guid: ec1383a81f8b26e41bd5795fba065567, type: 3}
--- !u!4 &8757859725149345274 stripped
Transform:
  m_CorrespondingSourceObject: {fileID: 4461574346646038, guid: ec1383a81f8b26e41bd5795fba065567, type: 3}
  m_PrefabInstance: {fileID: 8756671973786400748}
  m_PrefabAsset: {fileID: 0}
